@ARTICLE{javascript,
	author = {Marijn Haverbeke},
	title = {Eloquent JavaScript: A Modern Introduction to Programming},
	publisher = {No Starch Press},
	year = {2014}
}

@ARTICLE{vaadin,
	author = {Jaroslav Holan and Ondrej Kvasnovsky},
	title = {Vaadin 7 Cookbook},
	publisher = {Packt Publishing},
	year = {2013}
}

@ARTICLE{ajax,
	author = {Andrés Serbat Ocaña},
	title = {Programación Ajax y jQuery},
	publisher = {No Starch Press},
	year = {2014}
}


@ARTICLE{jpa,
	author = {Cecilio Alvarez Caules},
	title = {Arquitectura Java JPA Domain Driven Design},
	publisher = {arquitecturajava},
	year = {2014}
}

@misc{ria,
	author = {Russell Kay},
	title = {Rich Internet Application},
	howpublished = {\url{computerworld.com/article/2551058/networking/rich-internet-applications.html}},
	note = {02-14-2018}
}

@misc{gojs,
	author = {Northwoods Software},
	title = {GoJS},
	howpublished = {\url{gojs.net/latest/index.html}},
	urldate = {02-14-2018}
}


